@ARTICLE{2012MNRAS.425.3077L,
   author = {{Lubini}, M. and {Coles}, J.},
    title = "{A sampling strategy for high-dimensional spaces applied to free-form gravitational lensing}",
  journal = {\mnras},
archivePrefix = "arXiv",
   eprint = {1207.1722},
 primaryClass = "astro-ph.IM",
 keywords = {gravitational lensing: strong, methods: numerical, methods: statistical},
     year = 2012,
    month = oct,
   volume = 425,
    pages = {3077-3084},
      doi = {10.1111/j.1365-2966.2012.21673.x},
   adsurl = {http://adsabs.harvard.edu/abs/2012MNRAS.425.3077L},
  adsnote = {Provided by the SAO/NASA Astrophysics Data System}
}

@ARTICLE{1979Natur.279..381W,
   author = {{Walsh}, D. and {Carswell}, R.~F. and {Weymann}, R.~J.},
    title = "{0957 + 561 A, B - Twin quasistellar objects or gravitational lens}",
  journal = {\nat},
 keywords = {EMISSION SPECTRA, GRAVITATIONAL LENSES, QUASARS, STELLAR SPECTRA, ABSORPTION SPECTRA, RADIO SPECTROSCOPY, SPECTRUM ANALYSIS},
     year = 1979,
    month = may,
   volume = 279,
    pages = {381-384},
      doi = {10.1038/279381a0},
   adsurl = {http://adsabs.harvard.edu/abs/1979Natur.279..381W},
  adsnote = {Provided by the SAO/NASA Astrophysics Data System}
}

@ARTICLE{1937ApJ....86..217Z,
   author = {{Zwicky}, F.},
    title = "{On the Masses of Nebulae and of Clusters of Nebulae}",
  journal = {\apj},
     year = 1937,
    month = oct,
   volume = 86,
    pages = {217},
      doi = {10.1086/143864},
   adsurl = {http://adsabs.harvard.edu/abs/1937ApJ....86..217Z},
  adsnote = {Provided by the SAO/NASA Astrophysics Data System}
}

@ARTICLE{2005MNRAS.360..477D,
   author = {{Diego}, J.~M. and {Protopapas}, P. and {Sandvik}, H.~B. and 
	{Tegmark}, M.},
    title = "{Non-parametric inversion of strong lensing systems}",
  journal = {\mnras},
   eprint = {arXiv:astro-ph/0408418},
 keywords = {methods: data analysis, galaxies: clusters: general, dark matter},
     year = 2005,
    month = jun,
   volume = 360,
    pages = {477-491},
      doi = {10.1111/j.1365-2966.2005.09021.x},
   adsurl = {http://adsabs.harvard.edu/abs/2005MNRAS.360..477D},
  adsnote = {Provided by the SAO/NASA Astrophysics Data System}
}

@ARTICLE{2010ApJ...723.1678C,
   author = {{Coe}, D. and {Ben{\'{\i}}tez}, N. and {Broadhurst}, T. and 
	{Moustakas}, L.~A.},
    title = "{A High-resolution Mass Map of Galaxy Cluster Substructure: LensPerfect Analysis of A1689}",
  journal = {\apj},
archivePrefix = "arXiv",
   eprint = {1005.0398},
 primaryClass = "astro-ph.CO",
 keywords = {dark matter, galaxies: clusters: general, galaxies: clusters: individual: A1689, gravitational lensing: strong, gravitational lensing: weak, methods: data analysis},
     year = 2010,
    month = nov,
   volume = 723,
    pages = {1678-1702},
      doi = {10.1088/0004-637X/723/2/1678},
   adsurl = {http://adsabs.harvard.edu/abs/2010ApJ...723.1678C},
  adsnote = {Provided by the SAO/NASA Astrophysics Data System}
}

@ARTICLE{2006MNRAS.367.1209L,
   author = {{Liesenborgs}, J. and {De Rijcke}, S. and {Dejonghe}, H.},
    title = "{A genetic algorithm for the non-parametric inversion of strong lensing systems}",
  journal = {\mnras},
   eprint = {arXiv:astro-ph/0601124},
 keywords = {gravitational lensing, methods: data analysis, galaxies: clusters: general, dark matter},
     year = 2006,
    month = apr,
   volume = 367,
    pages = {1209-1216},
      doi = {10.1111/j.1365-2966.2006.10040.x},
   adsurl = {http://adsabs.harvard.edu/abs/2006MNRAS.367.1209L},
  adsnote = {Provided by the SAO/NASA Astrophysics Data System}
}

@ARTICLE{2013arXiv1304.2393S,
   author = {{Sendra}, I. and {Diego}, J.~M. and {Broadhurst}, T. and {Lazkoz}, R.
	},
    title = "{Enabling Non-Parametric Strong Lensing Models to Derive Reliable Cluster Mass Distributions. WSLAP+}",
  journal = {ArXiv e-prints},
archivePrefix = "arXiv",
   eprint = {1304.2393},
 primaryClass = "astro-ph.CO",
 keywords = {Astrophysics - Cosmology and Extragalactic Astrophysics},
     year = 2013,
    month = apr,
   adsurl = {http://adsabs.harvard.edu/abs/2013arXiv1304.2393S},
  adsnote = {Provided by the SAO/NASA Astrophysics Data System}
}

@ARTICLE{2012arXiv1206.1225A,
   author = {{Amendola}, L. and {Appleby}, S. and {Bacon}, D. and {Baker}, T. and 
	{Baldi}, M. and {Bartolo}, N. and {Blanchard}, A. and {Bonvin}, C. and 
	{Borgani}, S. and {Branchini}, E. and {Burrage}, C. and {Camera}, S. and 
	{Carbone}, C. and {Casarini}, L. and {Cropper}, M. and {deRham}, C. and 
	{di Porto}, C. and {Ealet}, A. and {Ferreira}, P.~G. and {Finelli}, F. and 
	{Garcia-Bellido}, J. and {Giannantonio}, T. and {Guzzo}, L. and 
	{Heavens}, A. and {Heisenberg}, L. and {Heymans}, C. and {Hoekstra}, H. and 
	{Hollenstein}, L. and {Holmes}, R. and {Horst}, O. and {Jahnke}, K. and 
	{Kitching}, T.~D. and {Koivisto}, T. and {Kunz}, M. and {La Vacca}, G. and 
	{March}, M. and {Majerotto}, E. and {Markovic}, K. and {Marsh}, D. and 
	{Marulli}, F. and {Massey}, R. and {Mellier}, Y. and {Mota}, D.~F. and 
	{Nunes}, N. and {Percival}, W. and {Pettorino}, V. and {Porciani}, C. and 
	{Quercellini}, C. and {Read}, J. and {Rinaldi}, M. and {Sapone}, D. and 
	{Scaramella}, R. and {Skordis}, C. and {Simpson}, F. and {Taylor}, A. and 
	{Thomas}, S. and {Trotta}, R. and {Verde}, L. and {Vernizzi}, F. and 
	{Vollmer}, A. and {Wang}, Y. and {Weller}, J. and {Zlosnik}, T.
	},
    title = "{Cosmology and fundamental physics with the Euclid satellite}",
  journal = {ArXiv e-prints},
archivePrefix = "arXiv",
   eprint = {1206.1225},
 primaryClass = "astro-ph.CO",
 keywords = {Astrophysics - Cosmology and Extragalactic Astrophysics, General Relativity and Quantum Cosmology, High Energy Physics - Phenomenology},
     year = 2012,
    month = jun,
   adsurl = {http://adsabs.harvard.edu/abs/2012arXiv1206.1225A},
  adsnote = {Provided by the SAO/NASA Astrophysics Data System}
}

@ARTICLE{2010CQGra..27w3001B,
   author = {{Bartelmann}, M.},
    title = "{TOPICAL REVIEW Gravitational lensing}",
  journal = {Classical and Quantum Gravity},
     year = 2010,
    month = dec,
   volume = 27,
   number = 23,
      eid = {233001},
    pages = {233001},
      doi = {10.1088/0264-9381/27/23/233001},
   adsurl = {http://adsabs.harvard.edu/abs/2010CQGra..27w3001B},
  adsnote = {Provided by the SAO/NASA Astrophysics Data System}
}

@ARTICLE{2007ApJ...667..645R,
   author = {{Read}, J.~I. and {Saha}, P. and {Macci{\`o}}, A.~V.},
    title = "{Radial Density Profiles of Time-Delay Lensing Galaxies}",
  journal = {\apj},
archivePrefix = "arXiv",
   eprint = {0704.3267},
 keywords = {Galaxies: Halos, Cosmology: Gravitational Lensing},
     year = 2007,
    month = oct,
   volume = 667,
    pages = {645-654},
      doi = {10.1086/520714},
   adsurl = {http://adsabs.harvard.edu/abs/2007ApJ...667..645R},
  adsnote = {Provided by the SAO/NASA Astrophysics Data System}
}

@ARTICLE{2006ApJ...652L...5S,
   author = {{Saha}, P. and {Read}, J.~I. and {Williams}, L.~L.~R.},
    title = "{Two Strong-Lensing Clusters Confront Universal Dark Matter Profiles}",
  journal = {\apjl},
   eprint = {arXiv:astro-ph/0610011},
 keywords = {Cosmology: Dark Matter, galaxies: clusters: individual (ACO 1689), galaxies: clusters: individual (SDSS J1004+411), Cosmology: Gravitational Lensing},
     year = 2006,
    month = nov,
   volume = 652,
    pages = {L5-L8},
      doi = {10.1086/509782},
   adsurl = {http://adsabs.harvard.edu/abs/2006ApJ...652L...5S},
  adsnote = {Provided by the SAO/NASA Astrophysics Data System}
}

@ARTICLE{2009ApJ...690..154S,
   author = {{Saha}, P. and {Read}, J.~I.},
    title = "{The Cluster Lens ACO 1703: Redshift Contrast and the Inner Profile}",
  journal = {\apj},
archivePrefix = "arXiv",
   eprint = {0807.4737},
 keywords = {galaxies: clusters: general, gravitational lensing},
     year = 2009,
    month = jan,
   volume = 690,
    pages = {154-162},
      doi = {10.1088/0004-637X/690/1/154},
   adsurl = {http://adsabs.harvard.edu/abs/2009ApJ...690..154S},
  adsnote = {Provided by the SAO/NASA Astrophysics Data System}
}

@ARTICLE{2013ApJ...765...25N,
   author = {{Newman}, A.~B. and {Treu}, T. and {Ellis}, R.~S. and {Sand}, D.~J.
	},
    title = "{The Density Profiles of Massive, Relaxed Galaxy Clusters. II. Separating Luminous and Dark Matter in Cluster Cores}",
  journal = {\apj},
archivePrefix = "arXiv",
   eprint = {1209.1392},
 primaryClass = "astro-ph.CO",
 keywords = {dark matter, galaxies: elliptical and lenticular, cD, gravitational lensing: strong, gravitational lensing: weak, stars: kinematics and dynamics },
     year = 2013,
    month = mar,
   volume = 765,
      eid = {25},
    pages = {25},
      doi = {10.1088/0004-637X/765/1/25},
   adsurl = {http://adsabs.harvard.edu/abs/2013ApJ...765...25N},
  adsnote = {Provided by the SAO/NASA Astrophysics Data System}
}

@ARTICLE{2010Sci...329..924J,
   author = {{Jullo}, E. and {Natarajan}, P. and {Kneib}, J.-P. and {D'Aloisio}, A. and 
	{Limousin}, M. and {Richard}, J. and {Schimd}, C.},
    title = "{Cosmological Constraints from Strong Gravitational Lensing in Clusters of Galaxies}",
  journal = {Science},
archivePrefix = "arXiv",
   eprint = {1008.4802},
 primaryClass = "astro-ph.CO",
     year = 2010,
    month = aug,
   volume = 329,
    pages = {924-927},
      doi = {10.1126/science.1185759},
   adsurl = {http://adsabs.harvard.edu/abs/2010Sci...329..924J},
  adsnote = {Provided by the SAO/NASA Astrophysics Data System}
}

@ARTICLE{2008ApJ...679...17C,
   author = {{Coles}, J.},
    title = "{A New Estimate of the Hubble Time with Improved Modeling of Gravitational Lenses}",
  journal = {\apj},
archivePrefix = "arXiv",
   eprint = {0802.3219},
 keywords = {Cosmology: Cosmological Parameters, Cosmology: Gravitational Lensing},
     year = 2008,
    month = may,
   volume = 679,
    pages = {17-24},
      doi = {10.1086/587635},
   adsurl = {http://adsabs.harvard.edu/abs/2008ApJ...679...17C},
  adsnote = {Provided by the SAO/NASA Astrophysics Data System}
}

@ARTICLE{2002MNRAS.337L...6T,
   author = {{Treu}, T. and {Koopmans}, L.~V.~E.},
    title = "{The internal structure of the lens PG1115+080: breaking degeneracies in the value of the Hubble constant}",
  journal = {\mnras},
   eprint = {arXiv:astro-ph/0210002},
 keywords = {gravitational lensing, galaxies: elliptical and lenticular, cD, galaxies: fundamental parameters, galaxies: kinematics and dynamics, distance scale},
     year = 2002,
    month = dec,
   volume = 337,
    pages = {L6-L10},
      doi = {10.1046/j.1365-8711.2002.06107.x},
   adsurl = {http://adsabs.harvard.edu/abs/2002MNRAS.337L...6T},
  adsnote = {Provided by the SAO/NASA Astrophysics Data System}
}

@ARTICLE{2008MNRAS.383..857F,
   author = {{Ferreras}, I. and {Saha}, P. and {Burles}, S.},
    title = "{Unveiling dark haloes in lensing galaxies}",
  journal = {\mnras},
archivePrefix = "arXiv",
   eprint = {0710.3159},
 keywords = {gravitational lensing , galaxies: elliptical and lenticular, cD , galaxies: evolution , galaxies: haloes , galaxies: stellar content , dark matter},
     year = 2008,
    month = jan,
   volume = 383,
    pages = {857-863},
      doi = {10.1111/j.1365-2966.2007.12606.x},
   adsurl = {http://adsabs.harvard.edu/abs/2008MNRAS.383..857F},
  adsnote = {Provided by the SAO/NASA Astrophysics Data System}
}

@ARTICLE{2012MNRAS.424..104L,
   author = {{Leier}, D. and {Ferreras}, I. and {Saha}, P.},
    title = "{Diagnostics of baryonic cooling in lensing galaxies}",
  journal = {\mnras},
archivePrefix = "arXiv",
   eprint = {1204.5749},
 primaryClass = "astro-ph.CO",
 keywords = {gravitational lensing: strong, galaxies: elliptical and lenticular, cD, galaxies: evolution, galaxies: haloes, galaxies: stellar content, dark matter},
     year = 2012,
    month = jul,
   volume = 424,
    pages = {104-114},
      doi = {10.1111/j.1365-2966.2012.21173.x},
   adsurl = {http://adsabs.harvard.edu/abs/2012MNRAS.424..104L},
  adsnote = {Provided by the SAO/NASA Astrophysics Data System}
}

@ARTICLE{2009A&A...500..681M,
   author = {{Merten}, J. and {Cacciato}, M. and {Meneghetti}, M. and {Mignone}, C. and 
	{Bartelmann}, M.},
    title = "{Combining weak and strong cluster lensing: applications to simulations and MS 2137}",
  journal = {\aap},
archivePrefix = "arXiv",
   eprint = {0806.1967},
 keywords = {gravitational lensing, galaxies: clusters: general, galaxies: clusters: individual: MS 2137, cosmology: theory},
     year = 2009,
    month = jun,
   volume = 500,
    pages = {681-691},
      doi = {10.1051/0004-6361/200810372},
   adsurl = {http://adsabs.harvard.edu/abs/2009A%26A...500..681M},
  adsnote = {Provided by the SAO/NASA Astrophysics Data System}
}

@INPROCEEDINGS{2010AAS...21540115M,
   author = {{Marshall}, P.~J. and {Bradac}, M. and {Chartas}, G. and {Dobler}, G. and 
	{Eliasdottir}, A. and {Falco}, E. and {Fassnacht}, C.~D. and 
	{Jee}, M.~J. and {Keeton}, C.~R. and {Oguri}, M. and {Tyson}, J.~A. and 
	{LSST Strong Lensing Science Collaboration}},
    title = "{Strong Gravitational Lensing with LSST}",
booktitle = {American Astronomical Society Meeting Abstracts \#215},
     year = 2010,
   series = {Bulletin of the American Astronomical Society},
   volume = 42,
    month = jan,
    pages = {401.15},
   adsurl = {http://adsabs.harvard.edu/abs/2010AAS...21540115M},
  adsnote = {Provided by the SAO/NASA Astrophysics Data System}
}

@ARTICLE{2004NewAR..48.1085K,
   author = {{Koopmans}, L.~V.~E. and {Browne}, I.~W.~A. and {Jackson}, N.~J.
	},
    title = "{Strong gravitational lensing with SKA}",
  journal = {New Astronomy},
   eprint = {arXiv:astro-ph/0409095},
     year = 2004,
    month = dec,
   volume = 48,
    pages = {1085-1094},
      doi = {10.1016/j.newar.2004.09.047},
   adsurl = {http://adsabs.harvard.edu/abs/2004NewAR..48.1085K},
  adsnote = {Provided by the SAO/NASA Astrophysics Data System}
}

@ARTICLE{2011A&ARv..19...47K,
   author = {{Kneib}, J.-P. and {Natarajan}, P.},
    title = "{Cluster lenses}",
  journal = {\aapr},
archivePrefix = "arXiv",
   eprint = {1202.0185},
 primaryClass = "astro-ph.CO",
 keywords = {Cosmology: observations, Galaxies: evolution, Galaxies: formation, Gravitational lensing},
     year = 2011,
    month = nov,
   volume = 19,
    pages = {47},
      doi = {10.1007/s00159-011-0047-3},
   adsurl = {http://adsabs.harvard.edu/abs/2011A%26ARv..19...47K},
  adsnote = {Provided by the SAO/NASA Astrophysics Data System}
}

@ARTICLE{1993A&A...273..367K,
   author = {{Kneib}, J.~P. and {Mellier}, Y. and {Fort}, B. and {Mathez}, G.
	},
    title = "{The Distribution of Dark Matter in Distant Cluster Lenses - Modelling A:370}",
  journal = {\aap},
     year = 1993,
    month = jun,
   volume = 273,
    pages = {367},
   adsurl = {http://adsabs.harvard.edu/abs/1993A%26A...273..367K},
  adsnote = {Provided by the SAO/NASA Astrophysics Data System}
}

@ARTICLE{2010GReGr..42.2151K,
   author = {{Keeton}, C.~R.},
    title = "{On modeling galaxy-scale strong lens systems}",
  journal = {General Relativity and Gravitation},
 keywords = {Strong gravitational lensing, Lens modeling, Galaxy structure, Statistical methods},
     year = 2010,
    month = sep,
   volume = 42,
    pages = {2151-2176},
      doi = {10.1007/s10714-010-1041-1},
   adsurl = {http://adsabs.harvard.edu/abs/2010GReGr..42.2151K},
  adsnote = {Provided by the SAO/NASA Astrophysics Data System}
}

@ARTICLE{2002ApJ...578...25K,
   author = {{Kochanek}, C.~S.},
    title = "{What Do Gravitational Lens Time Delays Measure?}",
  journal = {\apj},
   eprint = {arXiv:astro-ph/0205319},
 keywords = {Cosmology: Cosmological Parameters, Cosmology: Dark Matter, Cosmology: Distance Scale, Galaxies: Halos, Cosmology: Gravitational Lensing},
     year = 2002,
    month = oct,
   volume = 578,
    pages = {25-32},
      doi = {10.1086/342476},
   adsurl = {http://adsabs.harvard.edu/abs/2002ApJ...578...25K},
  adsnote = {Provided by the SAO/NASA Astrophysics Data System}
}

@ARTICLE{1996ApJ...468...17B,
   author = {{Bar-Kana}, R.},
    title = "{Effect of Large-Scale Structure on Multiply Imaged Sources}",
  journal = {\apj},
   eprint = {arXiv:astro-ph/9511056},
 keywords = {COSMOLOGY: GRAVITATIONAL LENSING, COSMOLOGY: LARGE-SCALE STRUCTURE OF UNIVERSE},
     year = 1996,
    month = sep,
   volume = 468,
    pages = {17},
      doi = {10.1086/177666},
   adsurl = {http://adsabs.harvard.edu/abs/1996ApJ...468...17B},
  adsnote = {Provided by the SAO/NASA Astrophysics Data System}
}

@ARTICLE{1985ApJ...289L...1F,
   author = {{Falco}, E.~E. and {Gorenstein}, M.~V. and {Shapiro}, I.~I.},
    title = "{On model-dependent bounds on H(0) from gravitational images Application of Q0957 + 561A,B}",
  journal = {\apjl},
 keywords = {ASTRONOMICAL MODELS, BACKGROUND RADIATION, GRAVITATIONAL LENSES, MASS DISTRIBUTION, QUASARS, RADIATION SOURCES, GALACTIC CLUSTERS, GEOMETRICAL OPTICS, HUBBLE DIAGRAM},
     year = 1985,
    month = feb,
   volume = 289,
    pages = {L1-L4},
      doi = {10.1086/184422},
   adsurl = {http://adsabs.harvard.edu/abs/1985ApJ...289L...1F},
  adsnote = {Provided by the SAO/NASA Astrophysics Data System}
}

@ARTICLE{2004A&A...424...13B,
   author = {{Brada{\v c}}, M. and {Lombardi}, M. and {Schneider}, P.},
    title = "{Mass-sheet degeneracy: Fundamental limit on the cluster mass reconstruction from statistical (weak) lensing}",
  journal = {\aap},
   eprint = {arXiv:astro-ph/0405357},
 keywords = {dark matter, galaxies: clusters: general, gravitational lensing},
     year = 2004,
    month = sep,
   volume = 424,
    pages = {13-22},
      doi = {10.1051/0004-6361:20035744},
   adsurl = {http://adsabs.harvard.edu/abs/2004A%26A...424...13B},
  adsnote = {Provided by the SAO/NASA Astrophysics Data System}
}

@BOOK{2008gady.book.....B,
   author = {{Binney}, J. and {Tremaine}, S.},
    title = "{Galactic Dynamics: Second Edition}",
booktitle = {Galactic Dynamics: Second Edition, by James Binney and Scott Tremaine.~ISBN 978-0-691-13026-2 (HB).~Published by Princeton University Press, Princeton, NJ USA, 2008.},
     year = 2008,
publisher = {Princeton University Press},
   adsurl = {http://adsabs.harvard.edu/abs/2008gady.book.....B},
  adsnote = {Provided by the SAO/NASA Astrophysics Data System}
}

@ARTICLE{1997MNRAS.292..148S,
   author = {{Saha}, P. and {Williams}, L.~L.~R.},
    title = "{Non-parametric reconstruction of the galaxy lens in PG 1115+080}",
  journal = {\mnras},
   eprint = {arXiv:astro-ph/9707346},
 keywords = {GRAVITATIONAL LENSES, QUASARS, MASS DISTRIBUTION, DISTANCE, GALACTIC STRUCTURE},
     year = 1997,
    month = nov,
   volume = 292,
    pages = {148},
   adsurl = {http://adsabs.harvard.edu/abs/1997MNRAS.292..148S},
  adsnote = {Provided by the SAO/NASA Astrophysics Data System}
}
@ARTICLE{2000AJ....120.1654S,
   author = {{Saha}, P.},
    title = "{Lensing Degeneracies Revisited}",
  journal = {\aj},
   eprint = {arXiv:astro-ph/0006432},
 keywords = {Cosmology: Gravitational Lensing},
     year = 2000,
    month = oct,
   volume = 120,
    pages = {1654-1659},
      doi = {10.1086/301581},
   adsurl = {http://adsabs.harvard.edu/abs/2000AJ....120.1654S},
  adsnote = {Provided by the SAO/NASA Astrophysics Data System}
}

@ARTICLE{2006ApJ...653..936S,
   author = {{Saha}, P. and {Williams}, L.~L.~R.},
    title = "{Gravitational Lensing Model Degeneracies: Is Steepness All-Important?}",
  journal = {\apj},
   eprint = {arXiv:astro-ph/0608496},
 keywords = {Cosmology: Gravitational Lensing},
     year = 2006,
    month = dec,
   volume = 653,
    pages = {936-941},
      doi = {10.1086/508798},
   adsurl = {http://adsabs.harvard.edu/abs/2006ApJ...653..936S},
  adsnote = {Provided by the SAO/NASA Astrophysics Data System}
}

@ARTICLE{2008MNRAS.386..307L,
   author = {{Liesenborgs}, J. and {de Rijcke}, S. and {Dejonghe}, H. and 
	{Bekaert}, P.},
    title = "{A generalization of the mass-sheet degeneracy producing ring-like artefacts in the lens mass distribution}",
  journal = {\mnras},
archivePrefix = "arXiv",
   eprint = {0801.4255},
 keywords = {gravitational lensing , dark matter},
     year = 2008,
    month = may,
   volume = 386,
    pages = {307-312},
      doi = {10.1111/j.1365-2966.2008.13026.x},
   adsurl = {http://adsabs.harvard.edu/abs/2008MNRAS.386..307L},
  adsnote = {Provided by the SAO/NASA Astrophysics Data System}
}

@ARTICLE{2007MNRAS.380.1729L,
   author = {{Liesenborgs}, J. and {de Rijcke}, S. and {Dejonghe}, H. and 
	{Bekaert}, P.},
    title = "{Non-parametric inversion of gravitational lensing systems with few images using a multi-objective genetic algorithm}",
  journal = {\mnras},
archivePrefix = "arXiv",
   eprint = {0707.2538},
 keywords = {gravitational lensing, methods: data analysis, galaxies: clusters: general, dark matter},
     year = 2007,
    month = oct,
   volume = 380,
    pages = {1729-1736},
      doi = {10.1111/j.1365-2966.2007.12236.x},
   adsurl = {http://adsabs.harvard.edu/abs/2007MNRAS.380.1729L},
  adsnote = {Provided by the SAO/NASA Astrophysics Data System}
}

@ARTICLE{1986ApJ...310..568B,
   author = {{Blandford}, R. and {Narayan}, R.},
    title = "{Fermat's principle, caustics, and the classification of gravitational lens images}",
  journal = {\apj},
 keywords = {CAUSTICS (OPTICS), FERMAT PRINCIPLE, GRAVITATIONAL LENSES, QUASARS, CATASTROPHE THEORY, CUSPS (MATHEMATICS), DARK MATTER, DENSITY DISTRIBUTION, ELLIPTICAL GALAXIES, GALACTIC CLUSTERS},
     year = 1986,
    month = nov,
   volume = 310,
    pages = {568-582},
      doi = {10.1086/164709},
   adsurl = {http://adsabs.harvard.edu/abs/1986ApJ...310..568B},
  adsnote = {Provided by the SAO/NASA Astrophysics Data System}
}

@BOOK{1992grle.book.....S,
   author = {{Schneider}, P. and {Ehlers}, J. and {Falco}, E.~E.},
    title = "{Gravitational Lenses}",
 keywords = {EXTRAGALACTIC COSMOLOGY, EXTRAGALAKTISCHE KOSMOLOGIE, GEOMETRICAL OPTICS, GEOMETRISCHE OPTIK, GRAVITATION, GRAVITATION, GRAVITATIONAL LENSING, GRAVITATIONSLINSEN, QUASARE, QUASARS, REDSHIFT, ROTVERSCHIEBUNG, GRAVITATIONAL LENSES},
booktitle = {Gravitational Lenses, XIV, 560 pp.~112 figs..~Springer-Verlag Berlin Heidelberg New York.~ Also Astronomy and Astrophysics Library},
     year = 1992,
   adsurl = {http://adsabs.harvard.edu/abs/1992grle.book.....S},
  adsnote = {Provided by the SAO/NASA Astrophysics Data System}
}

@ARTICLE{2002astro.ph..4043K,
   author = {{Kochanek}, C.~S.},
    title = "{Gravitational Lenses, the Distance Ladder and the Hubble Constant: A New Dark Matter Problem}",
  journal = {ArXiv Astrophysics e-prints},
   eprint = {arXiv:astro-ph/0204043},
 keywords = {Astrophysics},
     year = 2002,
    month = apr,
   adsurl = {http://adsabs.harvard.edu/abs/2002astro.ph..4043K},
  adsnote = {Provided by the SAO/NASA Astrophysics Data System}
}

@ARTICLE{2002MNRAS.330..778W,
   author = {{Wilkinson}, M.~I. and {Kleyna}, J. and {Evans}, N.~W. and {Gilmore}, G.
	},
    title = "{Dark matter in dwarf spheroidals - I. Models}",
  journal = {\mnras},
   eprint = {arXiv:astro-ph/0109451},
 keywords = {STELLAR DYNAMICS, GALAXIES: INDIVIDUAL: DRACO, GALAXIES: INDIVIDUAL: SCULPTOR, GALAXIES: KINEMATICS AND DYNAMICS, LOCAL GROUP, DARK MATTER, stellar dynamics; galaxies: individual: Draco; galaxies: individual: Sculptor; galaxies: kinematics and dynamics; Local Group; dark matter},
     year = 2002,
    month = mar,
   volume = 330,
    pages = {778-791},
      doi = {10.1046/j.1365-8711.2002.05154.x},
   adsurl = {http://adsabs.harvard.edu/abs/2002MNRAS.330..778W},
  adsnote = {Provided by the SAO/NASA Astrophysics Data System}
}

@ARTICLE{2009ApJ...704.1274W,
   author = {{Walker}, M.~G. and {Mateo}, M. and {Olszewski}, E.~W. and {Pe{\~n}arrubia}, J. and 
	{Wyn Evans}, N. and {Gilmore}, G.},
    title = "{A Universal Mass Profile for Dwarf Spheroidal Galaxies?}",
  journal = {\apj},
archivePrefix = "arXiv",
   eprint = {0906.0341},
 primaryClass = "astro-ph.CO",
 keywords = {galaxies: dwarf, galaxies: kinematics and dynamics, Local Group},
     year = 2009,
    month = oct,
   volume = 704,
    pages = {1274-1287},
      doi = {10.1088/0004-637X/704/2/1274},
   adsurl = {http://adsabs.harvard.edu/abs/2009ApJ...704.1274W},
  adsnote = {Provided by the SAO/NASA Astrophysics Data System}
}

@ARTICLE{2010MNRAS.406.1220W,
   author = {{Wolf}, J. and {Martinez}, G.~D. and {Bullock}, J.~S. and {Kaplinghat}, M. and 
	{Geha}, M. and {Mu{\~n}oz}, R.~R. and {Simon}, J.~D. and {Avedo}, F.~F.
	},
    title = "{Accurate masses for dispersion-supported galaxies}",
  journal = {\mnras},
archivePrefix = "arXiv",
   eprint = {0908.2995},
 primaryClass = "astro-ph.CO",
 keywords = {galaxies: dwarf, galaxies: elliptical and lenticular, cD, galaxies: formation, galaxies: kinematics and dynamics, dark matter},
     year = 2010,
    month = aug,
   volume = 406,
    pages = {1220-1237},
      doi = {10.1111/j.1365-2966.2010.16753.x},
   adsurl = {http://adsabs.harvard.edu/abs/2010MNRAS.406.1220W},
  adsnote = {Provided by the SAO/NASA Astrophysics Data System}
}

@ARTICLE{2008MNRAS.390.1647B,
   author = {{Broadhurst}, T.~J. and {Barkana}, R.},
    title = "{Large Einstein radii: a problem for {$\Lambda$}CDM}",
  journal = {\mnras},
archivePrefix = "arXiv",
   eprint = {0801.1875},
 keywords = {galaxies: clusters: general , galaxies: formation , cosmological parameters , cosmology: theory , dark matter},
     year = 2008,
    month = nov,
   volume = 390,
    pages = {1647-1654},
      doi = {10.1111/j.1365-2966.2008.13852.x},
   adsurl = {http://adsabs.harvard.edu/abs/2008MNRAS.390.1647B},
  adsnote = {Provided by the SAO/NASA Astrophysics Data System}
}

@ARTICLE{1980Natur.285..641W,
   author = {{Weymann}, R.~J. and {Latham}, D. and {Roger}, J. and {Angel}, P. and 
	{Green}, R.~F. and {Liebert}, J.~W. and {Turnshek}, D.~A. and 
	{Turnshek}, D.~E. and {Tyson}, J.~A.},
    title = "{The triple QSO PG1115+08 - Another probable gravitational lens}",
  journal = {\nat},
 keywords = {ASTRONOMICAL SPECTROSCOPY, GRAVITATIONAL LENSES, QUASARS, EMISSION SPECTRA, IMAGE TUBES, SPECTRAL LINE WIDTH},
     year = 1980,
    month = jun,
   volume = 285,
    pages = {641-643},
      doi = {10.1038/285641a0},
   adsurl = {http://cdsads.u-strasbg.fr/abs/1980Natur.285..641W},
  adsnote = {Provided by the SAO/NASA Astrophysics Data System}
}

@ARTICLE{2009MNRAS.395.1079D,
   author = {{Dehnen}, W.},
    title = "{Tailoring triaxial N-body models via a novel made-to-measure method}",
  journal = {\mnras},
archivePrefix = "arXiv",
   eprint = {0902.2069},
 primaryClass = "astro-ph.GA",
 keywords = {stellar dynamics , methods: N-body simulations , galaxies: haloes , galaxies: kinematics and dynamics , galaxies: structure},
     year = 2009,
    month = may,
   volume = 395,
    pages = {1079-1086},
      doi = {10.1111/j.1365-2966.2009.14603.x},
   adsurl = {http://adsabs.harvard.edu/abs/2009MNRAS.395.1079D},
  adsnote = {Provided by the SAO/NASA Astrophysics Data System}
}

@ARTICLE{1990ApJ...356..359H,
   author = {{Hernquist}, L.},
    title = "{An analytical model for spherical galaxies and bulges}",
  journal = {\apj},
 keywords = {COMPUTATIONAL ASTROPHYSICS, ELLIPTICAL GALAXIES, GALACTIC BULGE, GALACTIC STRUCTURE, ASTRONOMICAL MODELS, ASTRONOMICAL PHOTOMETRY, BRIGHTNESS DISTRIBUTION, DISTRIBUTION FUNCTIONS},
     year = 1990,
    month = jun,
   volume = 356,
    pages = {359-364},
      doi = {10.1086/168845},
   adsurl = {http://adsabs.harvard.edu/abs/1990ApJ...356..359H},
  adsnote = {Provided by the SAO/NASA Astrophysics Data System}
}

@ARTICLE{1996ApJ...462..563N,
   author = {{Navarro}, J.~F. and {Frenk}, C.~S. and {White}, S.~D.~M.},
    title = "{The Structure of Cold Dark Matter Halos}",
  journal = {\apj},
   eprint = {arXiv:astro-ph/9508025},
 keywords = {COSMOLOGY: THEORY, COSMOLOGY: DARK MATTER, GALAXIES: HALOS, METHODS: NUMERICAL},
     year = 1996,
    month = may,
   volume = 462,
    pages = {563},
      doi = {10.1086/177173},
   adsurl = {http://adsabs.harvard.edu/abs/1996ApJ...462..563N},
  adsnote = {Provided by the SAO/NASA Astrophysics Data System}
}

@ARTICLE{2006AJ....132.2685M,
   author = {{Merritt}, D. and {Graham}, A.~W. and {Moore}, B. and {Diemand}, J. and 
	{Terzi{\'c}}, B.},
    title = "{Empirical Models for Dark Matter Halos. I. Nonparametric Construction of Density Profiles and Comparison with Parametric Models}",
  journal = {\aj},
   eprint = {arXiv:astro-ph/0509417},
 keywords = {Cosmology: Dark Matter, Galaxies: Halos, Methods: N-Body Simulations},
     year = 2006,
    month = dec,
   volume = 132,
    pages = {2685-2700},
      doi = {10.1086/508988},
   adsurl = {http://adsabs.harvard.edu/abs/2006AJ....132.2685M},
  adsnote = {Provided by the SAO/NASA Astrophysics Data System}
}

@ARTICLE{2012ApJ...754L..39A,
   author = {{Agnello}, A. and {Evans}, N.~W.},
    title = "{A Virial Core in the Sculptor Dwarf Spheroidal Galaxy}",
  journal = {\apjl},
archivePrefix = "arXiv",
   eprint = {1205.6673},
 primaryClass = "astro-ph.GA",
 keywords = {dark matter, galaxies: dwarf, galaxies: individual: Sculptor, galaxies: kinematics and dynamics},
     year = 2012,
    month = aug,
   volume = 754,
      eid = {L39},
    pages = {L39},
      doi = {10.1088/2041-8205/754/2/L39},
   adsurl = {http://adsabs.harvard.edu/abs/2012ApJ...754L..39A},
  adsnote = {Provided by the SAO/NASA Astrophysics Data System}
}

