%%%%%%%%%
%   A   %
%%%%%%%%%
@ARTICLE{1994A&A...291..411A,
   author = {{Angonin-Willaime}, M.-C. and {Soucail}, G. and {Vanderriest}, C.
	},
    title = "{Gravitational lensing of Q 0957+561: A study of the cluster at Z = 0.355}",
  journal = {\aap},
 keywords = {ELLIPTICAL GALAXIES, GALACTIC CLUSTERS, GRAVITATIONAL LENSES, QUASARS, STELLAR SPECTROPHOTOMETRY, DATA PROCESSING, DISTANCE, HUBBLE CONSTANT, RED SHIFT},
     year = 1994,
    month = nov,
   volume = 291,
    pages = {411-419},
   adsurl = {http://adsabs.harvard.edu/abs/1994A%26A...291..411A},
  adsnote = {Provided by the SAO/NASA Astrophysics Data System}
}

@ARTICLE{2007AJ....134..668A,
   author = {{Auger}, M.~W. and {Fassnacht}, C.~D. and {Abrahamse}, A.~L. and 
	{Lubin}, L.~M. and {Squires}, G.~K.},
    title = "{The Gravitational Lens-Galaxy Group Connection. II. Groups Associated with B2319+051 and B1600+434}",
  journal = {\aj},
   eprint = {arXiv:astro-ph/0603448},
 keywords = {distance scale, galaxies: clusters: general, galaxies: individual: B2319+051: B1600+434, gravitational lensing},
     year = 2007,
    month = aug,
   volume = 134,
    pages = {668-679},
      doi = {10.1086/519238},
   adsurl = {http://adsabs.harvard.edu/abs/2007AJ....134..668A},
  adsnote = {Provided by the SAO/NASA Astrophysics Data System}
}

@ARTICLE{2008ApJ...673..778A,
   author = {{Auger}, M.~W. and {Fassnacht}, C.~D. and {Wong}, K.~C. and 
	{Thompson}, D. and {Matthews}, K. and {Soifer}, B.~T.},
    title = "{Lens Galaxy Properties of SBS 1520+530: Insights from Keck Spectroscopy and AO Imaging}",
  journal = {\apj},
archivePrefix = "arXiv",
   eprint = {0710.1650},
 keywords = {galaxies: individual (SBS 1520+530)},
     year = 2008,
    month = feb,
   volume = 673,
    pages = {778-786},
      doi = {10.1086/524351},
   adsurl = {http://adsabs.harvard.edu/abs/2008ApJ...673..778A},
  adsnote = {Provided by the SAO/NASA Astrophysics Data System}
}

%%%%%%%%%
%   B   %
%%%%%%%%%
@ARTICLE{1997ApJ...489...21B,
   author = {{Barkana}, R.},
    title = "{Analysis of Time Delays in the Gravitational Lens PG 1115+080}",
  journal = {\apj},
   eprint = {arXiv:astro-ph/9701068},
 keywords = {COSMOLOGY: GRAVITATIONAL LENSING, GALAXIES: QUASARS: INDIVIDUAL ALPHANUMERIC: PG 1115+080},
     year = 1997,
    month = nov,
   volume = 489,
    pages = {21},
      doi = {10.1086/304766},
   adsurl = {http://adsabs.harvard.edu/abs/1997ApJ...489...21B},
  adsnote = {Provided by the SAO/NASA Astrophysics Data System}
}

@ARTICLE{2011AstRv...6f..43B,
   author = {{Brainerd}, T.},
    title = "{How are Bright Galaxies Embedded within their Dark Matter Halos?}",
  journal = {The Astronomical Review},
 keywords = {dark matter, matter halos, elliptical galaxies, CDM particles, anisotropic  },
     year = 2011,
    month = oct,
   volume = 6,
   number = 6,
    pages = {060000-53},
   adsurl = {http://adsabs.harvard.edu/abs/2011AstRv...6f..43B},
  adsnote = {Provided by the SAO/NASA Astrophysics Data System}
}

@ARTICLE{2002A&A...383...71B,
   author = {{Burud}, I. and {Courbin}, F. and {Magain}, P. and {Lidman}, C. and 
	{Hutsem{\'e}kers}, D. and {Kneib}, J.-P. and {Hjorth}, J. and 
	{Brewer}, J. and {Pompei}, E. and {Germany}, L. and {Pritchard}, J. and 
	{Jaunsen}, A.~O. and {Letawe}, G. and {Meylan}, G.},
    title = "{An optical time-delay for the lensed BAL quasar HE 2149-2745}",
  journal = {\aap},
   eprint = {arXiv:astro-ph/0112225},
 keywords = {GRAVITATIONAL LENSING, QUASARS: INDIVIDUAL: HE 2149-2745, COSMOLOGICAL PARAMETERS},
     year = 2002,
    month = jan,
   volume = 383,
    pages = {71-81},
      doi = {10.1051/0004-6361:20011731},
   adsurl = {http://adsabs.harvard.edu/abs/2002A%26A...383...71B},
  adsnote = {Provided by the SAO/NASA Astrophysics Data System}
}

@ARTICLE{2002A&A...391..481B,
   author = {{Burud}, I. and {Hjorth}, J. and {Courbin}, F. and {Cohen}, J.~G. and 
	{Magain}, P. and {Jaunsen}, A.~O. and {Kaas}, A.~A. and {Faure}, C. and 
	{Letawe}, G.},
    title = "{Time delay and lens redshift for the doubly imaged BAL quasar SBS 1520+530}",
  journal = {\aap},
   eprint = {arXiv:astro-ph/0206084},
 keywords = {gravitational lensing, quasars: individual: SBS 1520+530, cosmology: cosmological parameters},
     year = 2002,
    month = aug,
   volume = 391,
    pages = {481-486},
      doi = {10.1051/0004-6361:20020856},
   adsurl = {http://adsabs.harvard.edu/abs/2002A%26A...391..481B},
  adsnote = {Provided by the SAO/NASA Astrophysics Data System}
}

@ARTICLE{2000ApJ...544..117B,
   author = {{Burud}, I. and {Hjorth}, J. and {Jaunsen}, A.~O. and {Andersen}, M.~I. and 
	{Korhonen}, H. and {Clasen}, J.~W. and {Pelt}, J. and {Pijpers}, F.~P. and 
	{Magain}, P. and {{\O}stensen}, R.},
    title = "{An Optical Time Delay Estimate for the Double Gravitational Lens System B1600+434}",
  journal = {\apj},
   eprint = {arXiv:astro-ph/0007136},
 keywords = {Cosmology: Observations, Cosmology: Distance Scale, Galaxies: Spiral, Cosmology: Gravitational Lensing, quasars: individual (B1600+434)},
     year = 2000,
    month = nov,
   volume = 544,
    pages = {117-122},
      doi = {10.1086/317213},
   adsurl = {http://adsabs.harvard.edu/abs/2000ApJ...544..117B},
  adsnote = {Provided by the SAO/NASA Astrophysics Data System}
}

%%%%%%%%%
%   C   %
%%%%%%%%%
@ARTICLE{1998ApJ...504..661C,
   author = {{Chartas}, G. and {Chuss}, D. and {Forman}, W. and {Jones}, C. and 
	{Shapiro}, I.},
    title = "{X-Ray Detection of the Primary Lens Galaxy Cluster of the Gravitational Lens System Q0957+561}",
  journal = {\apj},
   eprint = {arXiv:astro-ph/9803285},
 keywords = {COSMOLOGY: GRAVITATIONAL LENSING, GALAXIES: QUASARS: INDIVIDUAL ALPHANUMERIC: Q0957+561, X-RAYS: GALAXIES},
     year = 1998,
    month = sep,
   volume = 504,
    pages = {661},
      doi = {10.1086/306110},
   adsurl = {http://adsabs.harvard.edu/abs/1998ApJ...504..661C},
  adsnote = {Provided by the SAO/NASA Astrophysics Data System}
}

@ARTICLE{1997A&A...318L..67C,
   author = {{Chavushyan}, V.~H. and {Vlasyuk}, V.~V. and {Stepanian}, J.~A. and 
	{Erastova}, L.~K.},
    title = "{SBS 1520+530: a new gravitationally lensed system at z=1.855.}",
  journal = {\aap},
 keywords = {GRAVITATIONAL LENSING, QUASARS: EMISSION-LINES, QUASARS: ABSOPRTION-LINES, QUASARS: INDIVIDUAL: SBS 1520+530},
     year = 1997,
    month = feb,
   volume = 318,
    pages = {L67-L70},
   adsurl = {http://adsabs.harvard.edu/abs/1997A%26A...318L..67C},
  adsnote = {Provided by the SAO/NASA Astrophysics Data System}
}

@ARTICLE{2008ApJ...681..814C,
   author = {{Coe}, D. and {Fuselier}, E. and {Ben{\'{\i}}tez}, N. and {Broadhurst}, T. and 
	{Frye}, B. and {Ford}, H.},
    title = "{LensPerfect: Gravitational Lens Mass Map Reconstructions Yielding Exact Reproduction of All Multiple Images}",
  journal = {\apj},
archivePrefix = "arXiv",
   eprint = {0803.1199},
 keywords = {Cosmology: Dark Matter, Galaxies: Clusters: General, Cosmology: Gravitational Lensing, Methods: Data Analysis},
     year = 2008,
    month = jul,
   volume = 681,
    pages = {814-830},
      doi = {10.1086/588250},
   adsurl = {http://adsabs.harvard.edu/abs/2008ApJ...681..814C},
  adsnote = {Provided by the SAO/NASA Astrophysics Data System}
}

@ARTICLE{2008ApJ...679...17C,
   author = {{Coles}, J.},
    title = "{A New Estimate of the Hubble Time with Improved Modeling of Gravitational Lenses}",
  journal = {\apj},
archivePrefix = "arXiv",
   eprint = {0802.3219},
 keywords = {Cosmology: Cosmological Parameters, Cosmology: Gravitational Lensing},
     year = 2008,
    month = may,
   volume = 679,
    pages = {17-24},
      doi = {10.1086/587635},
   adsurl = {http://adsabs.harvard.edu/abs/2008ApJ...679...17C},
  adsnote = {Provided by the SAO/NASA Astrophysics Data System}
}

@ARTICLE{2000A&A...360..853C,
   author = {{Courbin}, F. and {Lidman}, C. and {Meylan}, G. and {Kneib}, J.-P. and 
	{Magain}, P.},
    title = "{Exploring the gravitationally lensed system HE 1104-1805: near-IR spectroscopy}",
  journal = {\aap},
   eprint = {arXiv:astro-ph/0006168},
 keywords = {cosmology: gravitational lensing, cosmology: observations, galaxies: quasars: general, galaxies: quasars: emission lines, techniques: image processing, techniques: spectroscopic},
     year = 2000,
    month = aug,
   volume = 360,
    pages = {853-860},
   adsurl = {http://adsabs.harvard.edu/abs/2000A%26A...360..853C},
  adsnote = {Provided by the SAO/NASA Astrophysics Data System}
}

%%%%%%%%%
%   D   %
%%%%%%%%%
@ARTICLE{2005ApJ...625..633D,
   author = {{Dai}, X. and {Kochanek}, C.~S.},
    title = "{Chandra Observations of the Gravitational Lenses B1600+434 and B1608+656}",
  journal = {\apj},
   eprint = {arXiv:astro-ph/0502007},
 keywords = {Cosmology: Gravitational Lensing},
     year = 2005,
    month = jun,
   volume = 625,
    pages = {633-642},
      doi = {10.1086/429485},
   adsurl = {http://adsabs.harvard.edu/abs/2005ApJ...625..633D},
  adsnote = {Provided by the SAO/NASA Astrophysics Data System}
}

@INPROCEEDINGS{2004IAUS..220..115D,
   author = {{Dye}, S. and {Warren}, S.},
    title = "{Decomposition of the Visible and Dark Matter Mass Profiles in the Einstein Ring 0047-2808}",
booktitle = {Dark Matter in Galaxies},
     year = 2004,
   series = {IAU Symposium},
   volume = 220,
   eprint = {arXiv:astro-ph/0311185},
   editor = {{Ryder}, S. and {Pisano}, D. and {Walker}, M. and {Freeman}, K.
	},
    month = jul,
    pages = {115},
   adsurl = {http://adsabs.harvard.edu/abs/2004IAUS..220..115D},
  adsnote = {Provided by the SAO/NASA Astrophysics Data System}
}

%%%%%%%%%
%   E   %
%%%%%%%%%
@ARTICLE{2007A&A...465...51E,
   author = {{Eigenbrod}, A. and {Courbin}, F. and {Meylan}, G.},
    title = "{COSMOGRAIL: the COSmological MOnitoring of GRAvItational Lenses. VI. Redshift of the lensing galaxy in seven gravitationally lensed quasars}",
  journal = {\aap},
   eprint = {arXiv:astro-ph/0612419},
 keywords = {gravitational lensing, cosmology: cosmological parameters},
     year = 2007,
    month = apr,
   volume = 465,
    pages = {51-56},
      doi = {10.1051/0004-6361:20066939},
   adsurl = {http://adsabs.harvard.edu/abs/2007A%26A...465...51E},
  adsnote = {Provided by the SAO/NASA Astrophysics Data System}
}

@ARTICLE{2011A&A...536A..44E,
   author = {{Eulaers}, E. and {Magain}, P.},
    title = "{Time delays for eleven gravitationally lensed quasars revisited}",
  journal = {\aap},
archivePrefix = "arXiv",
   eprint = {1112.2609},
 primaryClass = "astro-ph.CO",
 keywords = {methods: numerical, cosmological parameters, quasars: general, gravitational lensing: strong},
     year = 2011,
    month = dec,
   volume = 536,
      eid = {A44},
    pages = {A44},
      doi = {10.1051/0004-6361/201016101},
   adsurl = {http://adsabs.harvard.edu/abs/2011A%26A...536A..44E},
  adsnote = {Provided by the SAO/NASA Astrophysics Data System}
}


%%%%%%%%%
%   F   %
%%%%%%%%%
@ARTICLE{1998AJ....115..377F,
   author = {{Fassnacht}, C.~D. and {Cohen}, J.~G.},
    title = "{Keck spectroscopy of three gravitational lens systems discovered in the JVAS and CLASS surveys}",
  journal = {\aj},
   eprint = {arXiv:astro-ph/9711044},
 keywords = {ASTRONOMICAL SPECTROSCOPY, GRAVITATIONAL LENSES, SKY SURVEYS (ASTRONOMY), RED SHIFT, RADIO ASTRONOMY, TELESCOPES, SPECTROGRAPHS, COSMIC DUST},
     year = 1998,
    month = feb,
   volume = 115,
    pages = {377},
      doi = {10.1086/300219},
   adsurl = {http://adsabs.harvard.edu/abs/1998AJ....115..377F},
  adsnote = {Provided by the SAO/NASA Astrophysics Data System}
}


@ARTICLE{1999AJ....117..658F,
   author = {{Fassnacht}, C.~D. and {Blandford}, R.~D. and {Cohen}, J.~G. and 
	{Matthews}, K. and {Pearson}, T.~J. and {Readhead}, A.~C.~S. and 
	{Womble}, D.~S. and {Myers}, S.~T. and {Browne}, I.~W.~A. and 
	{Jackson}, N.~J. and {Marlow}, D.~R. and {Wilkinson}, P.~N. and 
	{Koopmans}, L.~V.~E. and {de Bruyn}, A.~G. and {Schilizzi}, R.~T. and 
	{Bremer}, M. and {Miley}, G.},
    title = "{B2045+265: A New Four-Image Gravitational Lens from CLASS}",
  journal = {\aj},
   eprint = {arXiv:astro-ph/9811167},
 keywords = {COSMOLOGY: DISTANCE SCALE, GALAXIES: DISTANCES AND REDSHIFTS, COSMOLOGY: GRAVITATIONAL LENSING, GALAXIES: QUASARS: INDIVIDUAL: ALPHANUMERIC: B2045+265},
     year = 1999,
    month = feb,
   volume = 117,
    pages = {658-670},
      doi = {10.1086/300724},
   adsurl = {http://adsabs.harvard.edu/abs/1999AJ....117..658F},
  adsnote = {Provided by the SAO/NASA Astrophysics Data System}
}

@ARTICLE{2002AJ....123..627F,
   author = {{Fassnacht}, C.~D. and {Lubin}, L.~M.},
    title = "{The Gravitational Lens-Galaxy Group Connection. I. Discovery of a Group Coincident with CLASS B0712+472}",
  journal = {\aj},
   eprint = {arXiv:astro-ph/0111205},
 keywords = {Galaxies: Clusters: General, Galaxies: Distances and Redshifts, Cosmology: Gravitational Lensing, quasars: individual (CLASS B0712+472)},
     year = 2002,
    month = feb,
   volume = 123,
    pages = {627-636},
      doi = {10.1086/338648},
   adsurl = {http://adsabs.harvard.edu/abs/2002AJ....123..627F},
  adsnote = {Provided by the SAO/NASA Astrophysics Data System}
}

@ARTICLE{2002ApJ...581..823F,
   author = {{Fassnacht}, C.~D. and {Xanthopoulos}, E. and {Koopmans}, L.~V.~E. and 
	{Rusin}, D.},
    title = "{A Determination of H$_{0}$ with the CLASS Gravitational Lens B1608+656. III. A Significant Improvement in the Precision of the Time Delay Measurements}",
  journal = {\apj},
   eprint = {arXiv:astro-ph/0208420},
 keywords = {Cosmology: Distance Scale, Galaxies: Individual: Alphanumeric: B1608+656, Cosmology: Gravitational Lensing},
     year = 2002,
    month = dec,
   volume = 581,
    pages = {823-835},
      doi = {10.1086/344368},
   adsurl = {http://adsabs.harvard.edu/abs/2002ApJ...581..823F},
  adsnote = {Provided by the SAO/NASA Astrophysics Data System}
}

@ARTICLE{2006ApJ...642...30F,
   author = {{Fassnacht}, C.~D. and {Gal}, R.~R. and {Lubin}, L.~M. and {McKean}, J.~P. and 
	{Squires}, G.~K. and {Readhead}, A.~C.~S.},
    title = "{Mass along the Line of Sight to the Gravitational Lens B1608+656: Galaxy Groups and Implications for H$_{0}$}",
  journal = {\apj},
   eprint = {arXiv:astro-ph/0510728},
 keywords = {Cosmology: Distance Scale, galaxies: individual (CLASS B1608+656), Cosmology: Gravitational Lensing},
     year = 2006,
    month = may,
   volume = 642,
    pages = {30-38},
      doi = {10.1086/500927},
   adsurl = {http://adsabs.harvard.edu/abs/2006ApJ...642...30F},
  adsnote = {Provided by the SAO/NASA Astrophysics Data System}
}

@ARTICLE{2004A&A...428..741F,
   author = {{Faure}, C. and {Alloin}, D. and {Kneib}, J.~P. and {Courbin}, F.
	},
    title = "{A search for clusters and groups of galaxies on the line of sight towards 8 lensed quasars}",
  journal = {\aap},
   eprint = {arXiv:astro-ph/0405521},
 keywords = {galaxies: clusters: general, gravitational lensing},
     year = 2004,
    month = dec,
   volume = 428,
    pages = {741-755},
      doi = {10.1051/0004-6361:20040406},
   adsurl = {http://adsabs.harvard.edu/abs/2004A%26A...428..741F},
  adsnote = {Provided by the SAO/NASA Astrophysics Data System}
}

@ARTICLE{2005ApJ...623L...5F,
   author = {{Ferreras}, I. and {Saha}, P. and {Williams}, L.~L.~R.},
    title = "{Stellar and Total Mass in Early-Type Lensing Galaxies}",
  journal = {\apjl},
   eprint = {arXiv:astro-ph/0503168},
 keywords = {Cosmology: Dark Matter, Galaxies: Elliptical and Lenticular, cD, Galaxies: Evolution, Galaxies: Formation},
     year = 2005,
    month = apr,
   volume = 623,
    pages = {L5-L8},
      doi = {10.1086/429995},
   adsurl = {http://adsabs.harvard.edu/abs/2005ApJ...623L...5F},
  adsnote = {Provided by the SAO/NASA Astrophysics Data System}
}

@ARTICLE{2008MNRAS.383..857F,
   author = {{Ferreras}, I. and {Saha}, P. and {Burles}, S.},
    title = "{Unveiling dark haloes in lensing galaxies}",
  journal = {\mnras},
archivePrefix = "arXiv",
   eprint = {0710.3159},
 keywords = {gravitational lensing , galaxies: elliptical and lenticular, cD , galaxies: evolution , galaxies: haloes , galaxies: stellar content , dark matter},
     year = 2008,
    month = jan,
   volume = 383,
    pages = {857-863},
      doi = {10.1111/j.1365-2966.2007.12606.x},
   adsurl = {http://adsabs.harvard.edu/abs/2008MNRAS.383..857F},
  adsnote = {Provided by the SAO/NASA Astrophysics Data System}
}

%%%%%%%%%
%   G   %
%%%%%%%%%
@ARTICLE{1992MNRAS.254P..27G,
   author = {{Garrett}, M.~A. and {Walsh}, D. and {Carswell}, R.~F.},
    title = "{Redshift measurements of the brightest cluster galaxies of the gravitational lens 0957 + 561}",
  journal = {\mnras},
 keywords = {GALACTIC CLUSTERS, GRAVITATIONAL LENSES, RED SHIFT, ASTRONOMICAL SPECTROSCOPY, CROSS CORRELATION, DATA ACQUISITION, GALACTIC MASS, LUMINOSITY},
     year = 1992,
    month = feb,
   volume = 254,
    pages = {27P-31P},
   adsurl = {http://adsabs.harvard.edu/abs/1992MNRAS.254P..27G},
  adsnote = {Provided by the SAO/NASA Astrophysics Data System}
}

@ARTICLE{2012ApJ...761..170G,
   author = {{Gavazzi}, R. and {Treu}, T. and {Marshall}, P.~J. and {Brault}, F. and 
	{Ruff}, A.},
    title = "{The SL2S Galaxy-scale Gravitational Lens Sample. I. The Alignment of Mass and Light in Massive Early-type Galaxies at z = 0.2-0.9}",
  journal = {\apj},
archivePrefix = "arXiv",
   eprint = {1202.3852},
 primaryClass = "astro-ph.CO",
 keywords = {galaxies: fundamental parameters, gravitational lensing: strong },
     year = 2012,
    month = dec,
   volume = 761,
      eid = {170},
    pages = {170},
      doi = {10.1088/0004-637X/761/2/170},
   adsurl = {http://adsabs.harvard.edu/abs/2012ApJ...761..170G},
  adsnote = {Provided by the SAO/NASA Astrophysics Data System}
}

@ARTICLE{2004ApJ...610..686G,
   author = {{Grant}, C.~E. and {Bautz}, M.~W. and {Chartas}, G. and {Garmire}, G.~P.
	},
    title = "{Detection of X-Rays from Galaxy Groups Associated with the Gravitationally Lensed Systems PG 1115+080 and B1422+231}",
  journal = {\apj},
   eprint = {arXiv:astro-ph/0305137},
 keywords = {Cosmology: Gravitational Lensing, Galaxies: Quasars: Individual: Alphanumeric: PG 1115+080, Galaxies: Quasars: Individual: Alphanumeric: B1422+231, X-Rays: Galaxies: Clusters},
     year = 2004,
    month = aug,
   volume = 610,
    pages = {686-690},
      doi = {10.1086/421863},
   adsurl = {http://adsabs.harvard.edu/abs/2004ApJ...610..686G},
  adsnote = {Provided by the SAO/NASA Astrophysics Data System}
}

%%%%%%%%%
%   H   %
%%%%%%%%%
@ARTICLE{2000A&A...357L..29H,
   author = {{Hagen}, H.-J. and {Reimers}, D.},
    title = "{HS 0818+1227: discovery of a new double gravitationally lensed QSO}",
  journal = {\aap},
 keywords = {GALAXIES: QUASARS: INDIVIDUAL: HS 0818+1227, GALAXIES: QUASARS: GENERAL, COSMOLOGY: GRAVITATIONAL LENSING},
     year = 2000,
    month = may,
   volume = 357,
    pages = {L29-L31},
   adsurl = {http://adsabs.harvard.edu/abs/2000A%26A...357L..29H},
  adsnote = {Provided by the SAO/NASA Astrophysics Data System}
}

@ARTICLE{2002ApJ...572L..11H,
   author = {{Hjorth}, J. and {Burud}, I. and {Jaunsen}, A.~O. and {Schechter}, P.~L. and 
	{Kneib}, J.-P. and {Andersen}, M.~I. and {Korhonen}, H. and 
	{Clasen}, J.~W. and {Kaas}, A.~A. and {{\O}stensen}, R. and 
	{Pelt}, J. and {Pijpers}, F.~P.},
    title = "{The Time Delay of the Quadruple Quasar RX J0911.4+0551}",
  journal = {\apjl},
   eprint = {arXiv:astro-ph/0205124},
 keywords = {Cosmology: Observations, Cosmology: Dark Matter, Cosmology: Distance Scale, Cosmology: Gravitational Lensing, Galaxies: Quasars: Individual: Alphanumeric: RX J0911.4+0551},
     year = 2002,
    month = jun,
   volume = 572,
    pages = {L11-L14},
      doi = {10.1086/341603},
   adsurl = {http://adsabs.harvard.edu/abs/2002ApJ...572L..11H},
  adsnote = {Provided by the SAO/NASA Astrophysics Data System}
}

%%%%%%%%%
%   I   %
%%%%%%%%%
@ARTICLE{1996ApJ...462L..53I,
   author = {{Impey}, C.~D. and {Foltz}, C.~B. and {Petry}, C.~E. and {Browne}, I.~W.~A. and 
	{Patnaik}, A.~R.},
    title = "{Hubble Space Telescope Observations of the Gravitational Lens System B1422+231}",
  journal = {\apjl},
 keywords = {COSMOLOGY: GRAVITATIONAL LENSING},
     year = 1996,
    month = may,
   volume = 462,
    pages = {L53},
      doi = {10.1086/310035},
   adsurl = {http://adsabs.harvard.edu/abs/1996ApJ...462L..53I},
  adsnote = {Provided by the SAO/NASA Astrophysics Data System}
}

%%%%%%%%%
%   J   %
%%%%%%%%%
@ARTICLE{1997A&A...317L..39J,
   author = {{Jaunsen}, A.~O. and {Hjorth}, J.},
    title = "{Detection of a spiral lens galaxy and optical variability in the gravitational lens system B1600+434.}",
  journal = {\aap},
   eprint = {arXiv:astro-ph/9611159},
 keywords = {DARK MATTER, GALAXIES: SPIRAL, GRAVITATIONAL LENSING, QUASARS: INDIVIDUAL: B1600+434 (QSO 1600+434)},
     year = 1997,
    month = jan,
   volume = 317,
    pages = {L39-L42},
   adsurl = {http://adsabs.harvard.edu/abs/1997A%26A...317L..39J},
  adsnote = {Provided by the SAO/NASA Astrophysics Data System}
}

%%%%%%%%%
%   K   %
%%%%%%%%%
@ARTICLE{1997ApJ...482..604K,
   author = {{Keeton}, C.~R. and {Kochanek}, C.~S. and {Seljak}, U.},
    title = "{Shear and Ellipticity in Gravitational Lenses}",
  journal = {\apj},
   eprint = {arXiv:astro-ph/9610163},
 keywords = {COSMOLOGY: THEORY, GALAXIES: ELLIPTICAL AND LENTICULAR, CD, COSMOLOGY: GRAVITATIONAL LENSING},
     year = 1997,
    month = jun,
   volume = 482,
    pages = {604},
      doi = {10.1086/304172},
   adsurl = {http://adsabs.harvard.edu/abs/1997ApJ...482..604K},
  adsnote = {Provided by the SAO/NASA Astrophysics Data System}
}

@PHDTHESIS{1998PhDT.........6K,
   author = {{Keeton}, II, C.~R.},
    title = "{Using Gravitational Lenses to Study Galaxies and Cosmology}",
 keywords = {HUBBLE CONSTANT},
   school = {HARVARD UNIVERSITY},
     year = 1998,
    month = November,
   adsurl = {http://adsabs.harvard.edu/abs/1998PhDT.........6K},
  adsnote = {Provided by the SAO/NASA Astrophysics Data System}
}

@ARTICLE{1998ApJ...509..561K,
   author = {{Keeton}, C.~R. and {Kochanek}, C.~S. and {Falco}, E.~E.},
    title = "{The Optical Properties of Gravitational Lens Galaxies as a Probe of Galaxy Structure and Evolution}",
  journal = {\apj},
   eprint = {arXiv:astro-ph/9708161},
 keywords = {GALAXIES: EVOLUTION, GALAXIES: PHOTOMETRY, GALAXIES: STRUCTURE, COSMOLOGY: GRAVITATIONAL LENSING},
     year = 1998,
    month = dec,
   volume = 509,
    pages = {561-578},
      doi = {10.1086/306502},
   adsurl = {http://adsabs.harvard.edu/abs/1998ApJ...509..561K},
  adsnote = {Provided by the SAO/NASA Astrophysics Data System}
}

@ARTICLE{2000ApJ...542...74K,
   author = {{Keeton}, C.~R. and {Falco}, E.~E. and {Impey}, C.~D. and {Kochanek}, C.~S. and 
	{Leh{\'a}r}, J. and {McLeod}, B.~A. and {Rix}, H.-W. and {Mu{\~n}oz}, J.~A. and 
	{Peng}, C.~Y.},
    title = "{The Host Galaxy of the Lensed Quasar Q0957+561}",
  journal = {\apj},
   eprint = {arXiv:astro-ph/0001500},
 keywords = {Cosmology: Distance Scale, Galaxies: Individual: Alphanumeric: Q0957+561, Cosmology: Gravitational Lensing, Galaxies: Quasars: Individual: Alphanumeric: Q0957+561},
     year = 2000,
    month = oct,
   volume = 542,
    pages = {74-93},
      doi = {10.1086/309517},
   adsurl = {http://adsabs.harvard.edu/abs/2000ApJ...542...74K},
  adsnote = {Provided by the SAO/NASA Astrophysics Data System}
}

@ARTICLE{2000ApJ...544L..35K,
   author = {{Kneib}, J.-P. and {Cohen}, J.~G. and {Hjorth}, J.},
    title = "{RX J0911+05: A Massive Cluster Lens at z=0.769}",
  journal = {\apjl},
   eprint = {arXiv:astro-ph/0006106},
 keywords = {Galaxies: Clusters: General, Galaxies: Clusters: Individual: Alphanumeric: RX J00911.4+0551, Cosmology: Gravitational Lensing},
     year = 2000,
    month = nov,
   volume = 544,
    pages = {L35-L39},
      doi = {10.1086/317285},
   adsurl = {http://adsabs.harvard.edu/abs/2000ApJ...544L..35K},
  adsnote = {Provided by the SAO/NASA Astrophysics Data System}
}

@ARTICLE{2000ApJ...543..131K,
   author = {{Kochanek}, C.~S. and {Falco}, E.~E. and {Impey}, C.~D. and 
	{Leh{\'a}r}, J. and {McLeod}, B.~A. and {Rix}, H.-W. and {Keeton}, C.~R. and 
	{Mu{\~n}oz}, J.~A. and {Peng}, C.~Y.},
    title = "{The Fundamental Plane of Gravitational Lens Galaxies and The Evolution of Early-Type Galaxies in Low-Density Environments}",
  journal = {\apj},
   eprint = {arXiv:astro-ph/9909018},
 keywords = {Galaxies: Evolution, Galaxies: Photometry, Cosmology: Gravitational Lensing},
     year = 2000,
    month = nov,
   volume = 543,
    pages = {131-148},
      doi = {10.1086/317074},
   adsurl = {http://adsabs.harvard.edu/abs/2000ApJ...543..131K},
  adsnote = {Provided by the SAO/NASA Astrophysics Data System}
}

@INPROCEEDINGS{2002sgdh.conf...62K,
   author = {{Kochanek}, C.~S.},
    title = "{Mass Follows Light}",
booktitle = {The Shapes of Galaxies and their Dark Halos},
     year = 2002,
   eprint = {arXiv:astro-ph/0106495},
   editor = {{Natarajan}, P.},
    month = mar,
    pages = {62-71},
      doi = {10.1142/9789812778017_0010},
   adsurl = {http://adsabs.harvard.edu/abs/2002sgdh.conf...62K},
  adsnote = {Provided by the SAO/NASA Astrophysics Data System}
}

@ARTICLE{2006ApJ...649..599K,
   author = {{Koopmans}, L.~V.~E. and {Treu}, T. and {Bolton}, A.~S. and 
	{Burles}, S. and {Moustakas}, L.~A.},
    title = "{The Sloan Lens ACS Survey. III. The Structure and Formation of Early-Type Galaxies and Their Evolution since z \~{} 1}",
  journal = {\apj},
   eprint = {arXiv:astro-ph/0601628},
 keywords = {Galaxies: Elliptical and Lenticular, cD, Galaxies: Evolution, Galaxies: Formation, Galaxies: Structure, Cosmology: Gravitational Lensing},
     year = 2006,
    month = oct,
   volume = 649,
    pages = {599-615},
      doi = {10.1086/505696},
   adsurl = {http://adsabs.harvard.edu/abs/2006ApJ...649..599K},
  adsnote = {Provided by the SAO/NASA Astrophysics Data System}
}

%%%%%%%%%
%   L   %
%%%%%%%%%
@ARTICLE{1984Sci...223...46L,
   author = {{Lawrence}, C.~R. and {Schneider}, D.~P. and {Schmidt}, M. and 
	{Bennett}, C.~L. and {Hewitt}, J.~N. and {Burke}, B.~F. and 
	{Turner}, E.~L. and {Gunn}, J.~E.},
    title = "{Discovery of a New Gravitational Lens System}",
  journal = {Science},
     year = 1984,
    month = jan,
   volume = 223,
    pages = {46-49},
      doi = {10.1126/science.223.4631.46},
   adsurl = {http://adsabs.harvard.edu/abs/1984Sci...223...46L},
  adsnote = {Provided by the SAO/NASA Astrophysics Data System}
}


@ARTICLE{2000ApJ...536..584L,
   author = {{Leh{\'a}r}, J. and {Falco}, E.~E. and {Kochanek}, C.~S. and 
	{McLeod}, B.~A. and {Mu{\~n}oz}, J.~A. and {Impey}, C.~D. and 
	{Rix}, H.-W. and {Keeton}, C.~R. and {Peng}, C.~Y.},
    title = "{Hubble Space Telescope Observations of 10 Two-Image Gravitational Lenses}",
  journal = {\apj},
   eprint = {arXiv:astro-ph/9909072},
 keywords = {Galaxies: Fundamental Parameters, Cosmology: Gravitational Lensing},
     year = 2000,
    month = jun,
   volume = 536,
    pages = {584-605},
      doi = {10.1086/308963},
   adsurl = {http://adsabs.harvard.edu/abs/2000ApJ...536..584L},
  adsnote = {Provided by the SAO/NASA Astrophysics Data System}
}

@ARTICLE{2011ApJ...740...97L,
   author = {{Leier}, D. and {Ferreras}, I. and {Saha}, P. and {Falco}, E.~E.
	},
    title = "{Resolving the Baryon-fraction Profile in Lensing Galaxies}",
  journal = {\apj},
archivePrefix = "arXiv",
   eprint = {1102.3433},
 primaryClass = "astro-ph.GA",
 keywords = {dark matter, galaxies: elliptical and lenticular, cD, galaxies: stellar content, gravitational lensing: strong},
     year = 2011,
    month = oct,
   volume = 740,
      eid = {97},
    pages = {97},
      doi = {10.1088/0004-637X/740/2/97},
   adsurl = {http://adsabs.harvard.edu/abs/2011ApJ...740...97L},
  adsnote = {Provided by the SAO/NASA Astrophysics Data System}
}

@PhdThesis{leier11phd,
  author = {{Leier}, D.},
  title = "{On the Distribution of Luminous and Dark Matter in Strong Lensing Galaxies}",
  school = {Astronomisches Rechen-Institut, Zentrum f{\"u}r Astronomie der Universit{\"a}t Heidelberg},
  year = 2011,
  OPTaddress = {M{\"o}nchhofstr. 12-14, 69120 Heidelberg, Germany},
  month = nov,
  eprint = {www.ub.uni-heidelberg.de/archiv/12791}
}

@ARTICLE{2012MNRAS.425.3077L,
   author = {{Lubini}, M. and {Coles}, J.},
    title = "{A sampling strategy for high-dimensional spaces applied to free-form gravitational lensing}",
  journal = {\mnras},
archivePrefix = "arXiv",
   eprint = {1207.1722},
 primaryClass = "astro-ph.IM",
 keywords = {gravitational lensing: strong, methods: numerical, methods: statistical},
     year = 2012,
    month = oct,
   volume = 425,
    pages = {3077-3084},
      doi = {10.1111/j.1365-2966.2012.21673.x},
   adsurl = {http://adsabs.harvard.edu/abs/2012MNRAS.425.3077L},
  adsnote = {Provided by the SAO/NASA Astrophysics Data System}
}

%%%%%%%%%
%   M   %
%%%%%%%%%
@ARTICLE{2007MNRAS.378..109M,
   author = {{McKean}, J.~P. and {Koopmans}, L.~V.~E. and {Flack}, C.~E. and 
	{Fassnacht}, C.~D. and {Thompson}, D. and {Matthews}, K. and 
	{Blandford}, R.~D. and {Readhead}, A.~C.~S. and {Soifer}, B.~T.
	},
    title = "{High-resolution imaging of the anomalous flux ratio gravitational lens system CLASS B2045+265: dark or luminous satellites?}",
  journal = {\mnras},
   eprint = {arXiv:astro-ph/0611215},
 keywords = {gravitational lensing , quasars: individual: CLASS B2045+265 , cosmology: observations},
     year = 2007,
    month = jun,
   volume = 378,
    pages = {109-118},
      doi = {10.1111/j.1365-2966.2007.11744.x},
   adsurl = {http://adsabs.harvard.edu/abs/2007MNRAS.378..109M},
  adsnote = {Provided by the SAO/NASA Astrophysics Data System}
}

@ARTICLE{2006ApJ...641..169M,
   author = {{Momcheva}, I. and {Williams}, K. and {Keeton}, C. and {Zabludoff}, A.
	},
    title = "{A Spectroscopic Study of the Environments of Gravitational Lens Galaxies}",
  journal = {\apj},
   eprint = {arXiv:astro-ph/0511594},
 keywords = {Galaxies: Clusters: General, Galaxies: Halos, Cosmology: Gravitational Lensing, quasars: individual (MG 0751+2716), quasars: individual (BRI 0952-0115), Galaxies: Quasars: Individual: Alphanumeric: PG 1115+080, Galaxies: Quasars: Individual: Alphanumeric: B1422+231, quasars: individual (MG 1654+1346), Galaxies: Quasars: Individual: Alphanumeric: PMN J2004-1349, quasars: individual (B2114+022), quasars: individual (HE 2149-2745)},
     year = 2006,
    month = apr,
   volume = 641,
    pages = {169-189},
      doi = {10.1086/500382},
   adsurl = {http://adsabs.harvard.edu/abs/2006ApJ...641..169M},
  adsnote = {Provided by the SAO/NASA Astrophysics Data System}
}

@ARTICLE{2001ApJ...555....1M,
   author = {{Morgan}, N.~D. and {Chartas}, G. and {Malm}, M. and {Bautz}, M.~W. and 
	{Burud}, I. and {Hjorth}, J. and {Jones}, S.~E. and {Schechter}, P.~L.
	},
    title = "{Chandra X-Ray Observations of the Quadruply Lensed Quasar RX J0911.4+0551}",
  journal = {\apj},
   eprint = {arXiv:astro-ph/0103041},
 keywords = {Cosmology: Gravitational Lensing, Galaxies: Quasars: Absorption Lines, quasars: individual (RX J0911.4+0551), X-Rays: General, X-rays: individual (RX J0911.4+0551)},
     year = 2001,
    month = jul,
   volume = 555,
    pages = {1-6},
      doi = {10.1086/321454},
   adsurl = {http://adsabs.harvard.edu/abs/2001ApJ...555....1M},
  adsnote = {Provided by the SAO/NASA Astrophysics Data System}
}

@ARTICLE{2008ApJ...676...80M,
   author = {{Morgan}, C.~W. and {Eyler}, M.~E. and {Kochanek}, C.~S. and 
	{Morgan}, N.~D. and {Falco}, E.~E. and {Vuissoz}, C. and {Courbin}, F. and 
	{Meylan}, G.},
    title = "{Simultaneous Estimation of Time Delays and Quasar Structure}",
  journal = {\apj},
archivePrefix = "arXiv",
   eprint = {0710.2552},
 keywords = {Accretion, Accretion Disks, Cosmology: Observations, Cosmology: Dark Matter, Cosmology: Gravitational Lensing, Galaxies: Quasars: General},
     year = 2008,
    month = mar,
   volume = 676,
    pages = {80-86},
      doi = {10.1086/527371},
   adsurl = {http://adsabs.harvard.edu/abs/2008ApJ...676...80M},
  adsnote = {Provided by the SAO/NASA Astrophysics Data System}
}

%%%%%%%%%
%   N   %
%%%%%%%%%
@ARTICLE{2000ApJ...538L.113N,
   author = {{Natarajan}, P. and {Refregier}, A.},
    title = "{Two-Dimensional Galaxy-Galaxy Lensing: A Direct Measure of the Flattening and Alignment of Light and Mass in Galaxies}",
  journal = {\apjl},
   eprint = {arXiv:astro-ph/0003344},
 keywords = {Galaxies: Fundamental Parameters, Galaxies: Halos, Cosmology: Gravitational Lensing, Methods: Numerical},
     year = 2000,
    month = aug,
   volume = 538,
    pages = {L113-L116},
      doi = {10.1086/312808},
   adsurl = {http://adsabs.harvard.edu/abs/2000ApJ...538L.113N},
  adsnote = {Provided by the SAO/NASA Astrophysics Data System}
}

%%%%%%%%%
%   O   %
%%%%%%%%%

%%%%%%%%%
%   P   %
%%%%%%%%%
@ARTICLE{2001MNRAS.326.1403P,
   author = {{Patnaik}, A.~R. and {Narasimha}, D.},
    title = "{Determination of time delay from the gravitational lens B1422+231}",
  journal = {\mnras},
   eprint = {arXiv:astro-ph/0106104},
 keywords = {gravitational lensing; methods: data analysis; quasars: individual: B1422+231},
     year = 2001,
    month = oct,
   volume = 326,
    pages = {1403-1411},
      doi = {10.1111/j.1365-8711.2001.04711.x},
   adsurl = {http://adsabs.harvard.edu/abs/2001MNRAS.326.1403P},
  adsnote = {Provided by the SAO/NASA Astrophysics Data System}
}

%%%%%%%%%
%   Q   %
%%%%%%%%%

%%%%%%%%%
%   R   %
%%%%%%%%%
@ARTICLE{2003AJ....126...29R,
   author = {{Raychaudhury}, S. and {Saha}, P. and {Williams}, L.~L.~R.},
    title = "{Is B1422+231 a ``Golden Lens''?}",
  journal = {\aj},
   eprint = {arXiv:astro-ph/0303366},
 keywords = {Cosmology: Gravitational Lensing, Galaxies: Quasars: Individual: Alphanumeric: B1422+231},
     year = 2003,
    month = jul,
   volume = 126,
    pages = {29-36},
      doi = {10.1086/375326},
   adsurl = {http://adsabs.harvard.edu/abs/2003AJ....126...29R},
  adsnote = {Provided by the SAO/NASA Astrophysics Data System}
}

%%%%%%%%%
%   S   %
%%%%%%%%%
@ARTICLE{1997MNRAS.292..148S,
   author = {{Saha}, P. and {Williams}, L.~L.~R.},
    title = "{Non-parametric reconstruction of the galaxy lens in PG 1115+080}",
  journal = {\mnras},
   eprint = {arXiv:astro-ph/9707346},
 keywords = {GRAVITATIONAL LENSES, QUASARS, MASS DISTRIBUTION, DISTANCE, GALACTIC STRUCTURE},
     year = 1997,
    month = nov,
   volume = 292,
    pages = {148},
   adsurl = {http://adsabs.harvard.edu/abs/1997MNRAS.292..148S},
  adsnote = {Provided by the SAO/NASA Astrophysics Data System}
}

@ARTICLE{2004AJ....127.2604S,
   author = {{Saha}, P. and {Williams}, L.~L.~R.},
    title = "{A Portable Modeler of Lensed Quasars}",
  journal = {\aj},
   eprint = {arXiv:astro-ph/0402135},
 keywords = {Cosmology: Gravitational Lensing},
     year = 2004,
    month = may,
   volume = 127,
    pages = {2604-2616},
      doi = {10.1086/383544},
   adsurl = {http://adsabs.harvard.edu/abs/2004AJ....127.2604S},
  adsnote = {Provided by the SAO/NASA Astrophysics Data System}
}

@ARTICLE{1993AJ....105....1S,
   author = {{Schechter}, P.~L. and {Moore}, C.~B.},
    title = "{The lensing Galaxy in MG 0414 + 0534}",
  journal = {\aj},
 keywords = {ASTRONOMICAL MODELS, EXTRAGALACTIC RADIO SOURCES, GALAXIES, GRAVITATIONAL LENSES, GRAVITATIONAL EFFECTS, POINT SPREAD FUNCTIONS, QUASARS, TIME LAG, VERY LARGE ARRAY (VLA)},
     year = 1993,
    month = jan,
   volume = 105,
    pages = {1-6},
      doi = {10.1086/116402},
   adsurl = {http://adsabs.harvard.edu/abs/1993AJ....105....1S},
  adsnote = {Provided by the SAO/NASA Astrophysics Data System}
}

@ARTICLE{1986AJ.....91..991S,
   author = {{Schneider}, D.~P. and {Gunn}, J.~E. and {Turner}, E.~L. and 
	{Lawrence}, C.~R. and {Hewitt}, J.~N. and {Schmidt}, M. and 
	{Burke}, B.~F.},
    title = "{The third image, the redshift of the lens, and new components of the gravitational lens 2016 + 112}",
  journal = {\aj},
 keywords = {GRAVITATIONAL LENSES, IMAGE ANALYSIS, RED SHIFT, SPECTRUM ANALYSIS, ABSORPTION SPECTRA, ASTRONOMICAL SPECTROSCOPY, ELLIPTICAL GALAXIES, EMISSION SPECTRA, LUMINOSITY, LYMAN ALPHA RADIATION, RADIO SOURCES (ASTRONOMY)},
     year = 1986,
    month = may,
   volume = 91,
    pages = {991-997},
      doi = {10.1086/114075},
   adsurl = {http://adsabs.harvard.edu/abs/1986AJ.....91..991S},
  adsnote = {Provided by the SAO/NASA Astrophysics Data System}
}

@ARTICLE{2012A&A...540A.132S,
   author = {{Shalyapin}, V.~N. and {Goicoechea}, L.~J. and {Gil-Merino}, R.
	},
    title = "{A 5.5-year robotic optical monitoring of Q0957+561: substructure in a non-local cD galaxy}",
  journal = {\aap},
archivePrefix = "arXiv",
   eprint = {1203.0978},
 primaryClass = "astro-ph.GA",
 keywords = {gravitational lensing: strong, quasars: individual: Q0957+561, galaxies: elliptical and lenticular, cD, black hole physics},
     year = 2012,
    month = apr,
   volume = 540,
      eid = {A132},
    pages = {A132},
      doi = {10.1051/0004-6361/201118316},
   adsurl = {http://adsabs.harvard.edu/abs/2012A%26A...540A.132S},
  adsnote = {Provided by the SAO/NASA Astrophysics Data System}
}

@ARTICLE{2012A&A...538A..99S,
   author = {{Sluse}, D. and {Chantry}, V. and {Magain}, P. and {Courbin}, F. and 
	{Meylan}, G.},
    title = "{COSMOGRAIL: the COSmological MOnitoring of GRAvItational Lenses. X. Modeling based on high-precision astrometry of a sample of 25 lensed quasars: consequences for ellipticity, shear, and astrometric anomalies}",
  journal = {\aap},
archivePrefix = "arXiv",
   eprint = {1112.0005},
 primaryClass = "astro-ph.CO",
 keywords = {gravitational lensing: strong, quasars: general, techniques: image processing},
     year = 2012,
    month = feb,
   volume = 538,
      eid = {A99},
    pages = {A99},
      doi = {10.1051/0004-6361/201015844},
   adsurl = {http://adsabs.harvard.edu/abs/2012A%26A...538A..99S},
  adsnote = {Provided by the SAO/NASA Astrophysics Data System}
}

@ARTICLE{2003ApJ...584..100S,
   author = {{Surpi}, G. and {Blandford}, R.~D.},
    title = "{The Gravitational Lens B1608+656. I. V-, I-, and H-Band Hubble Space Telescope Imaging}",
  journal = {\apj},
   eprint = {arXiv:astro-ph/0111160},
 keywords = {ISM: Dust, Extinction, Galaxies: Individual: Alphanumeric: B1608+656, Cosmology: Gravitational Lensing},
     year = 2003,
    month = feb,
   volume = 584,
    pages = {100-109},
      doi = {10.1086/345592},
   adsurl = {http://adsabs.harvard.edu/abs/2003ApJ...584..100S},
  adsnote = {Provided by the SAO/NASA Astrophysics Data System}
}

%%%%%%%%%
%   T   %
%%%%%%%%%
@ARTICLE{2000A&A...357..115T,
   author = {{Toft}, S. and {Hjorth}, J. and {Burud}, I.},
    title = "{The extinction curve of the lensing galaxy of B1152+199 at z=0.44}",
  journal = {\aap},
   eprint = {arXiv:astro-ph/0003098},
 keywords = {GALAXIES: QUASARS: INDIVIDUAL: B1152+199, GALAXIES: ISM, ISM: DUST, EXTINCTION, ISM: EVOLUTION, COSMOLOGY: GRAVITATIONAL LENSING},
     year = 2000,
    month = may,
   volume = 357,
    pages = {115-119},
   adsurl = {http://adsabs.harvard.edu/abs/2000A%26A...357..115T},
  adsnote = {Provided by the SAO/NASA Astrophysics Data System}
}

@ARTICLE{2003MNRAS.344..337T,
   author = {{Toft}, S. and {Soucail}, G. and {Hjorth}, J.},
    title = "{The galaxy population of the z= 1 cluster of galaxies MG2016+112}",
  journal = {\mnras},
   eprint = {arXiv:astro-ph/0303066},
 keywords = {galaxies: clusters: individual: MG2016+112, galaxies: elliptical and lenticular, cD, galaxies: evolution, galaxies: formation, galaxies: luminosity function, mass function, cosmology: observations},
     year = 2003,
    month = sep,
   volume = 344,
    pages = {337-346},
      doi = {10.1046/j.1365-8711.2003.06589.x},
   adsurl = {http://adsabs.harvard.edu/abs/2003MNRAS.344..337T},
  adsnote = {Provided by the SAO/NASA Astrophysics Data System}
}

@ARTICLE{1999AJ....117.2034T,
   author = {{Tonry}, J.~L. and {Kochanek}, C.~S.},
    title = "{Redshifts of the Gravitational Lenses MG 0414+0534 and MG 0751+2716}",
  journal = {\aj},
   eprint = {arXiv:astro-ph/9809063},
 keywords = {COSMOLOGY: DISTANCE SCALE, COSMOLOGY: GRAVITATIONAL LENSING, QUASARS: INDIVIDUAL (MG 0414+0534, MG 0751+2716)},
     year = 1999,
    month = may,
   volume = 117,
    pages = {2034-2038},
      doi = {10.1086/300834},
   adsurl = {http://adsabs.harvard.edu/abs/1999AJ....117.2034T},
  adsnote = {Provided by the SAO/NASA Astrophysics Data System}
}

@ARTICLE{2009ApJ...690..670T,
   author = {{Treu}, T. and {Gavazzi}, R. and {Gorecki}, A. and {Marshall}, P.~J. and 
	{Koopmans}, L.~V.~E. and {Bolton}, A.~S. and {Moustakas}, L.~A. and 
	{Burles}, S.},
    title = "{The SLACS Survey. VIII. The Relation between Environment and Internal Structure of Early-Type Galaxies}",
  journal = {\apj},
archivePrefix = "arXiv",
   eprint = {0806.1056},
 keywords = {galaxies: elliptical and lenticular, cD, galaxies: evolution, galaxies: formation, galaxies: structure, gravitational lensing},
     year = 2009,
    month = jan,
   volume = 690,
    pages = {670-682},
      doi = {10.1088/0004-637X/690/1/670},
   adsurl = {http://adsabs.harvard.edu/abs/2009ApJ...690..670T},
  adsnote = {Provided by the SAO/NASA Astrophysics Data System}
}

@ARTICLE{2010MNRAS.406.2764T,
   author = {{Tsvetkova}, V.~S. and {Vakulik}, V.~G. and {Shulga}, V.~M. and 
	{Schild}, R.~E. and {Dudinov}, V.~N. and {Minakov}, A.~A. and 
	{Nuritdinov}, S.~N. and {Artamonov}, B.~P. and {Kochetov}, A.~Y. and 
	{Smirnov}, G.~V. and {Sergeyev}, A.~A. and {Konichek}, V.~V. and 
	{Sinelnikov}, I.~Y. and {Zheleznyak}, A.~P. and {Bruevich}, V.~V. and 
	{Gaisin}, R. and {Akhunov}, T. and {Burkhonov}, O.},
    title = "{PG1115+080: variations of the A2/A1 flux ratio and new values of the time delays}",
  journal = {\mnras},
archivePrefix = "arXiv",
   eprint = {1004.3443},
 primaryClass = "astro-ph.CO",
 keywords = {gravitational lensing: strong, gravitational lensing: micro, quasars: individual: PG1115+080},
     year = 2010,
    month = aug,
   volume = 406,
    pages = {2764-2776},
      doi = {10.1111/j.1365-2966.2010.16882.x},
   adsurl = {http://adsabs.harvard.edu/abs/2010MNRAS.406.2764T},
  adsnote = {Provided by the SAO/NASA Astrophysics Data System}
}

%%%%%%%%%
%   U   %
%%%%%%%%%

%%%%%%%%%
%   V   %
%%%%%%%%%

%%%%%%%%%
%   W   %
%%%%%%%%%
@ARTICLE{1996MNRAS.278..139W,
   author = {{Warren}, S.~J. and {Hewett}, P.~C. and {Lewis}, G.~F. and {Moller}, P. and 
	{Iovino}, A. and {Shaver}, P.~A.},
    title = "{A candidate optical Einstein ring}",
  journal = {\mnras},
 keywords = {GRAVITATIONAL LENSING},
     year = 1996,
    month = jan,
   volume = 278,
    pages = {139-145},
   adsurl = {http://adsabs.harvard.edu/abs/1996MNRAS.278..139W},
  adsnote = {Provided by the SAO/NASA Astrophysics Data System}
}

@ARTICLE{2005MNRAS.360.1333W,
   author = {{Wayth}, R.~B. and {Warren}, S.~J. and {Lewis}, G.~F. and {Hewett}, P.~C.
	},
    title = "{The lens and source of the optical Einstein ring gravitational lens ER 0047-2808}",
  journal = {\mnras},
   eprint = {arXiv:astro-ph/0410253},
 keywords = {gravitational lensing, galaxies: high redshift, galaxies: individual: 0047-2808},
     year = 2005,
    month = jul,
   volume = 360,
    pages = {1333-1344},
      doi = {10.1111/j.1365-2966.2005.09118.x},
   adsurl = {http://adsabs.harvard.edu/abs/2005MNRAS.360.1333W},
  adsnote = {Provided by the SAO/NASA Astrophysics Data System}
}

@ARTICLE{2006ApJ...646...85W,
   author = {{Williams}, K.~A. and {Momcheva}, I. and {Keeton}, C.~R. and 
	{Zabludoff}, A.~I. and {Leh{\'a}r}, J.},
    title = "{First Results from a Photometric Survey of Strong Gravitational Lens Environments}",
  journal = {\apj},
   eprint = {arXiv:astro-ph/0511593},
 keywords = {Galaxies: Clusters: General, Galaxies: Evolution, Galaxies: Photometry, Cosmology: Gravitational Lensing, Galaxies: Quasars: General},
     year = 2006,
    month = jul,
   volume = 646,
    pages = {85-106},
      doi = {10.1086/504788},
   adsurl = {http://adsabs.harvard.edu/abs/2006ApJ...646...85W},
  adsnote = {Provided by the SAO/NASA Astrophysics Data System}
}

@ARTICLE{1996A&A...315L.405W,
   author = {{Wisotzki}, L. and {Koehler}, T. and {Lopez}, S. and {Reimers}, D.
	},
    title = "{Discovery of a new gravitationally lensed QSO with broad absorption lines.}",
  journal = {\aap},
 keywords = {QUASARS: INDIVIDUAL: HE 2149-2745, QUASARS: GENERAL, GRAVITATIONAL LENSING},
     year = 1996,
    month = nov,
   volume = 315,
    pages = {L405},
   adsurl = {http://adsabs.harvard.edu/abs/1996A%26A...315L.405W},
  adsnote = {Provided by the SAO/NASA Astrophysics Data System}
}

@ARTICLE{2011ApJ...726...84W,
   author = {{Wong}, K.~C. and {Keeton}, C.~R. and {Williams}, K.~A. and 
	{Momcheva}, I.~G. and {Zabludoff}, A.~I.},
    title = "{The Effect of Environment on Shear in Strong Gravitational Lenses}",
  journal = {\apj},
archivePrefix = "arXiv",
   eprint = {1011.2504},
 primaryClass = "astro-ph.CO",
 keywords = {gravitational lensing: strong},
     year = 2011,
    month = jan,
   volume = 726,
      eid = {84},
    pages = {84},
      doi = {10.1088/0004-637X/726/2/84},
   adsurl = {http://adsabs.harvard.edu/abs/2011ApJ...726...84W},
  adsnote = {Provided by the SAO/NASA Astrophysics Data System}
}

%%%%%%%%%
%   X   %
%%%%%%%%%
@ARTICLE{1998MNRAS.300..649X,
   author = {{Xanthopoulos}, E. and {Browne}, I.~W.~A. and {King}, L.~J. and 
	{Koopmans}, L.~V.~E. and {Jackson}, N.~J. and {Marlow}, D.~R. and 
	{Patnaik}, A.~R. and {Porcas}, R.~W. and {Wilkinson}, P.~N.},
    title = "{The new gravitational lens system B1030+074}",
  journal = {\mnras},
   eprint = {arXiv:astro-ph/9802014},
 keywords = {GALAXIES: INDIVIDUAL: B1030+074: GRAVITATIONAL LENSING},
     year = 1998,
    month = nov,
   volume = 300,
    pages = {649-655},
      doi = {10.1046/j.1365-8711.1998.01804.x},
   adsurl = {http://adsabs.harvard.edu/abs/1998MNRAS.300..649X},
  adsnote = {Provided by the SAO/NASA Astrophysics Data System}
}

%%%%%%%%%
%   Y   %
%%%%%%%%%
@ARTICLE{1988AJ.....95.1331Y,
   author = {{Yee}, H.~K.~C.},
    title = "{High-resolution imaging of the gravitational lens system candidate 2237+030}",
  journal = {\aj},
 keywords = {ASTRONOMICAL PHOTOMETRY, GALACTIC STRUCTURE, GRAVITATIONAL LENSES, QUASARS, SPIRAL GALAXIES, ASTRONOMICAL MAPS, CHARGE COUPLED DEVICES, ITERATIVE SOLUTION, POINT SPREAD FUNCTIONS},
     year = 1988,
    month = may,
   volume = 95,
    pages = {1331-1339},
      doi = {10.1086/114729},
   adsurl = {http://adsabs.harvard.edu/abs/1988AJ.....95.1331Y},
  adsnote = {Provided by the SAO/NASA Astrophysics Data System}
}

@ARTICLE{2005ApJ...626...51Y,
   author = {{Yoo}, J. and {Kochanek}, C.~S. and {Falco}, E.~E. and {McLeod}, B.~A.
	},
    title = "{The Lens Galaxy in PG 1115+080 is an Ellipse}",
  journal = {\apj},
   eprint = {arXiv:astro-ph/0502299},
 keywords = {Cosmology: Observations, Cosmology: Dark Matter, Cosmology: Gravitational Lensing, Galaxies: Quasars: Individual: Alphanumeric: PG 1115+080},
     year = 2005,
    month = jun,
   volume = 626,
    pages = {51-57},
      doi = {10.1086/429959},
   adsurl = {http://adsabs.harvard.edu/abs/2005ApJ...626...51Y},
  adsnote = {Provided by the SAO/NASA Astrophysics Data System}
}

%%%%%%%%%
%   Z   %
%%%%%%%%%
